%YAML 1.1
%TAG !u! tag:unity3d.com,2011:
--- !u!1001 &100100000
Prefab:
  m_ObjectHideFlags: 1
  serializedVersion: 2
  m_Modification:
    m_TransformParent: {fileID: 0}
    m_Modifications: []
    m_RemovedComponents: []
  m_ParentPrefab: {fileID: 0}
  m_RootGameObject: {fileID: 1885099531330654}
  m_IsPrefabParent: 1
--- !u!1 &1885099531330654
GameObject:
  m_ObjectHideFlags: 0
  m_PrefabParentObject: {fileID: 0}
  m_PrefabInternal: {fileID: 100100000}
  serializedVersion: 5
  m_Component:
  - component: {fileID: 4584829694704996}
  - component: {fileID: 114371493793748100}
  - component: {fileID: 114054905295873120}
  - component: {fileID: 114941201456383096}
  m_Layer: 0
  m_Name: UNET Server
  m_TagString: Untagged
  m_Icon: {fileID: 0}
  m_NavMeshLayer: 0
  m_StaticEditorFlags: 0
  m_IsActive: 1
--- !u!4 &4584829694704996
Transform:
  m_ObjectHideFlags: 1
  m_PrefabParentObject: {fileID: 0}
  m_PrefabInternal: {fileID: 100100000}
  m_GameObject: {fileID: 1885099531330654}
  m_LocalRotation: {x: 0, y: 0, z: 0, w: 1}
  m_LocalPosition: {x: 0, y: 0, z: 0}
  m_LocalScale: {x: 1, y: 1, z: 1}
  m_Children: []
  m_Father: {fileID: 0}
  m_RootOrder: 0
  m_LocalEulerAnglesHint: {x: 0, y: 0, z: 0}
--- !u!114 &114054905295873120
MonoBehaviour:
  m_ObjectHideFlags: 1
  m_PrefabParentObject: {fileID: 0}
  m_PrefabInternal: {fileID: 100100000}
  m_GameObject: {fileID: 1885099531330654}
  m_Enabled: 1
  m_EditorHideFlags: 0
  m_Script: {fileID: 11500000, guid: a9c250d5bbc4eb24eaaaacf60e6a9cf1, type: 3}
  m_Name: 
  m_EditorClassIdentifier: 
  m_NetworkPort: 7777
  m_ServerBindToIP: 0
  m_ServerBindAddress: 
  m_NetworkAddress: localhost
  m_DontDestroyOnLoad: 1
  m_RunInBackground: 1
  m_ScriptCRCCheck: 0
  m_MaxDelay: 0.01
  m_LogLevel: 2
  m_PlayerPrefab: {fileID: 0}
  m_AutoCreatePlayer: 0
  m_PlayerSpawnMethod: 0
  m_OfflineScene: GameServer
  m_OnlineScene: OnlineLobby
  m_SpawnPrefabs:
  - {fileID: 1317694969586882, guid: 1835b43807750b2499c45d24daa0d495, type: 2}
  - {fileID: 1574504066389248, guid: 0ca82cebf8b6c1a4ea5bc0675d634c6e, type: 2}
  - {fileID: 1285494132671562, guid: bf3e7932ad21e1c45b910b1868de360c, type: 2}
  - {fileID: 1439925600394688, guid: 926c69fdd5a483b449b9ffe1794ee6e9, type: 2}
  - {fileID: 1141563272369284, guid: 22d40dd49ce74e740b67bc74587e1d31, type: 2}
  - {fileID: 1164974882689642, guid: 719dd8a5fe106ac4ba903fd89535fa23, type: 2}
  - {fileID: 1564107260748892, guid: 9c43f6ed0924646419915af76d53793e, type: 2}
  - {fileID: 1882603698446838, guid: 4b395d8900103574fb423a6f2c240473, type: 2}
  - {fileID: 1608978555444584, guid: fd1919e2c78a8de419d0bd4a49361c6b, type: 2}
  - {fileID: 1685247805509590, guid: 48570ee761060bc42ba50720fd9ccdc2, type: 2}
  m_CustomConfig: 1
  m_MaxConnections: 9
  m_ConnectionConfig:
    m_PacketSize: 1440
    m_FragmentSize: 500
    m_ResendTimeout: 1200
    m_DisconnectTimeout: 2000
    m_ConnectTimeout: 2000
    m_MinUpdateTimeout: 10
    m_PingTimeout: 500
    m_ReducedPingTimeout: 100
    m_AllCostTimeout: 20
    m_NetworkDropThreshold: 5
    m_OverflowDropThreshold: 5
    m_MaxConnectionAttempt: 10
    m_AckDelay: 33
    m_SendDelay: 10
    m_MaxCombinedReliableMessageSize: 100
    m_MaxCombinedReliableMessageCount: 10
    m_MaxSentMessageQueueSize: 512
    m_AcksType: 1
    m_UsePlatformSpecificProtocols: 0
    m_InitialBandwidth: 0
    m_BandwidthPeakFactor: 2
    m_WebSocketReceiveBufferMaxSize: 0
    m_UdpSocketReceiveBufferMaxSize: 0
    m_SSLCertFilePath: 
    m_SSLPrivateKeyFilePath: 
    m_SSLCAFilePath: 
    m_Channels: []
  m_GlobalConfig:
    m_ThreadAwakeTimeout: 1
    m_ReactorModel: 0
    m_ReactorMaximumReceivedMessages: 1024
    m_ReactorMaximumSentMessages: 1024
    m_MaxPacketSize: 2000
    m_MaxHosts: 16
    m_ThreadPoolSize: 1
    m_MinTimerTimeout: 1
    m_MaxTimerTimeout: 12000
    m_MinNetSimulatorTimeout: 1
    m_MaxNetSimulatorTimeout: 12000
  m_Channels: 0500000002000000
  m_UseWebSockets: 1
  m_UseSimulator: 0
  m_SimulatedLatency: 1
  m_PacketLossPercentage: 0
  m_MaxBufferedPackets: 512
  m_AllowFragmentation: 1
  m_MatchHost: mm.unet.unity3d.com
  m_MatchPort: 443
  matchName: default
  matchSize: 8
  isNetworkActive: 0
  matchMaker: {fileID: 0}
--- !u!114 &114371493793748100
MonoBehaviour:
  m_ObjectHideFlags: 1
  m_PrefabParentObject: {fileID: 0}
  m_PrefabInternal: {fileID: 100100000}
  m_GameObject: {fileID: 1885099531330654}
  m_Enabled: 1
  m_EditorHideFlags: 0
  m_Script: {fileID: 43654079, guid: 62862f23efb782446ac5b978b6653d3b, type: 3}
  m_Name: 
  m_EditorClassIdentifier: 
  _useNetworkManager: 1
  Standalone: 0
  SimulatePlatformIntegration: 0
  _commandLine: listen 0.0.0.0:9001 players 4:4 start Explicit instanceId c367a32c-a659-4619-99ba-e8ceae087022
--- !u!114 &114941201456383096
MonoBehaviour:
  m_ObjectHideFlags: 1
  m_PrefabParentObject: {fileID: 0}
  m_PrefabInternal: {fileID: 100100000}
  m_GameObject: {fileID: 1885099531330654}
  m_Enabled: 1
  m_EditorHideFlags: 0
  m_Script: {fileID: 11500000, guid: b67dc96ae1810be4fa6fab90beb26a70, type: 3}
  m_Name: 
  m_EditorClassIdentifier: 
  Shapes:
  - {fileID: 1317694969586882, guid: 1835b43807750b2499c45d24daa0d495, type: 2}
  - {fileID: 1574504066389248, guid: 0ca82cebf8b6c1a4ea5bc0675d634c6e, type: 2}
  - {fileID: 1564107260748892, guid: 9c43f6ed0924646419915af76d53793e, type: 2}
  - {fileID: 1164974882689642, guid: 719dd8a5fe106ac4ba903fd89535fa23, type: 2}
  - {fileID: 1439925600394688, guid: 926c69fdd5a483b449b9ffe1794ee6e9, type: 2}
  - {fileID: 1285494132671562, guid: bf3e7932ad21e1c45b910b1868de360c, type: 2}
  - {fileID: 1141563272369284, guid: 22d40dd49ce74e740b67bc74587e1d31, type: 2}
  Colors:
  - {r: 1, g: 0.0627451, b: 0.0627451, a: 1}
  - {r: 0.5019608, g: 0.7529412, b: 1, a: 1}
  - {r: 1, g: 1, b: 0.5019608, a: 1}
  - {r: 0.627451, g: 0, b: 1, a: 1}
  - {r: 0, g: 0.2509804, b: 0.7529412, a: 1}
  - {r: 1, g: 0.5019608, b: 0.2509804, a: 1}
  - {r: 0.2509804, g: 0.5019608, b: 0.7529412, a: 1}
  - {r: 1, g: 0.7529412, b: 0.627451, a: 1}
  ShapeHeight: 04000000030000000300000003000000030000000300000002000000
  ShapeJumpLeft:
  - 2.75
  - 1.75
  - 2.25
  - 2.75
  - 2.75
  - 2.75
  - 1.25
  ShapeJumpRight:
  - 2.75
  - 2.75
  - 2.75
  - 2.75
  - 2.25
  - 1.75
  - 1.25
